month,year,month,total_revenue
2024-08-31,2024,8,73848.19
2024-09-30,2024,9,145063.86
2024-10-31,2024,10,98971.18000000001
2024-11-30,2024,11,85706.36
2024-12-31,2024,12,79710.71
2025-01-31,2025,1,92979.24
2025-02-28,2025,2,88117.48
2025-03-31,2025,3,87223.48
2025-04-30,2025,4,141825.33
2025-05-31,2025,5,87188.59999999999
2025-06-30,2025,6,72904.42
2025-07-31,2025,7,140220.86
2025-08-31,2025,8,3432650.02
